@INPROCEEDINGS{nlmeans,
  AUTHOR = {Buades, A. and Coll, B. and Morel, J.-M.},
  BOOKTITLE = {2005 IEEE Computer Society Conference on Computer Vision and Pattern Recognition (CVPR'05)},
  DATE = {2005},
  DOI = {10.1109/CVPR.2005.38},
  PAGES = {60--65 vol. 2},
  TITLE = {A non-local algorithm for image denoising},
  VOLUME = {2},
}

@MISC{wikigaussiannoise,
  AUTHOR = {contributors, Wikipedia},
  URL = {https://en.wikipedia.org/w/index.php?title=Additive_white_Gaussian_noise},
  DATE = {2023},
  NOTE = {Online; accessed 24-November-2023},
  TITLE = {Additive white Gaussian noise Wikipedia},
}

@ARTICLE{nlmeanscode,
  AUTHOR = {Buades, Antoni and Coll, Bartomeu and Morel, Jean-Michel},
  DATE = {2011},
  JOURNALTITLE = {{Image Processing On Line}},
  NOTE = {\url{https://doi.org/10.5201/ipol.2011.bcm_nlm}},
  PAGES = {208--212},
  TITLE = {{Non-Local Means Denoising}},
  VOLUME = {1},
}

@MISC{ipolarchive,
  title = {IPOL online demo archive},
  url = {https://ipolcore.ipol.im/demo/clientApp/archive.html?id=55&page=4},
}

@MISC{color,
  author = {Herv√© BRY},
  title = {Colors of Burano},
  howpublished = {\url{https://www.flickr.com/photos/setaou/2162752903/}},
  note = {Accessed: 29/10/2023}
}

@MISC{ladyhat,
  author = {Unknown},
  title = {Lady with hat},
  howpublished = {\url{https://ipolcore.ipol.im/api/archive/staticData/blobs/b/c/bc22f841464ab2b6432cc6185bd509208980af22.png}},
  note = {Accessed: 29/10/2023}
}

@MISC{cat,
  author = {Adrien PELFRESNE},
  title = {Beautiful Cat},
}
